@IEEEtranBSTCTL{bstctl:etal,
  CTLuse_forced_etal = {yes},
  CTLmax_names_forced_etal = {3},
}

@IEEEtranBSTCTL{bstctl:nodash,
  CTLdash_repeated_names = {no},
}

@IEEEtranBSTCTL{bstctl:simpurl,
  CTLname_url_prefix = {Available: },
}


Publishers

@STRING{ACM                  = {ACM}}
@STRING{ACM_ADDRESS          = {New York, NY, USA}}
@STRING{IEEE                 = {IEEE Computer Society}}
@STRING{IEEE_ADDRESS         = {Washington, DC, USA}}
@STRING{MC                   = {Morgan \& Claypool Publishers}}
@STRING{SPRINGER             = {Springer}}
@STRING{SPRINGER_ADDRESS     = {Berlin, Heidelberg}}
@STRING{USENIX_ASSOC         = {{USENIX} Association}}
@STRING{USENIX_ASSOC_ADDRESS = {Berkeley, CA, USA}}


Conferences

@STRING{ACISP          = {Proceedings of the Australasian Conference on Information Security and Privacy}}
@STRING{ACSAC          = {Proceedings of the Annual Computer Security Applications Conference}}
@STRING{AHS            = {Proceedings of the {NASA}/{ESA} Conference on Adaptive Hardware and Systems}}
@STRING{ASIACCS        = {Proceedings of the {ACM} on Asia Conference on Computer and Communications Security}}
@STRING{ASPDAC         = {Proceedings of the Asia and South Pacific Design Automation Conference}}
@STRING{ASPLOS         = {Proceedings of the Architectural Support for Programming Languages and Operating Systems}}
@STRING{ATEC           = {Proceedings of the conference on {USENIX} Annual Technical Conference}}
@STRING{ATS            = {Proceedings of the Asian Test Symposium}}
@STRING{CASES          = {Proceedings of the International Conference on Compliers, Architecture and Synthesis of Embedded Systems}}
@STRING{CC             = {Proceedings of the International Conference on Compiler Construction}}
@STRING{CCS            = {Proceedings of the {ACM} {SIGSAC} Conference on Computer and Communications Security}}
@STRING{CHES           = {Proceedings of the Cryptographic Hardware and Embedded Systems}}
@STRING{CGO            = {Proceedings of the International Symposium on Code Generation and Optimization}}
@STRING{CODESISSS      = {Proceedings of the {ACM}/{IEEE} International Conference on Hardware/Software Codesign and System Synthesis}}
@STRING{CF             = {Proceedings of the {ACM} International Conference on Computing Frontiers}}
@STRING{CS             = {Proceedings of the {ACM}/{IEEE} Conference Supercomputing}}
@STRING{DAC            = {Proceedings of the {ACM}/{IEEE} Design Automation Conference}}
@STRING{DATE           = {Proceedings of the Conference on Design, Automation and Test in {Europe}}}
@STRING{DRC            = {Proceedings of the Device Research Conference}}
@STRING{DSD            = {Proceedings of the {Euromicro} Conference on Digital System Design: Architectures, Methods, and Tools}}
@STRING{ETS            = {Proceedings of the {IEEE} {European} Test Symposium}}
@STRING{EURO-DAC       = {Proceedings of the {European} Design Automation Conference}}
@STRING{EUROSYS        = {Proceedings of the {ACM} {European} Conference on Computer Systems}}
@STRING{FCCM           = {Proceedings of the {IEEE} Symposium on Field-Programmable Custom Computing Machines}}
@STRING{FPL            = {Proceedings of the Conference on Field Programmable Logic and Applications}}
@STRING{FSE            = {Proceedings of the {ACM} {SIGSOFT} symposium and the European conference on Foundations of software engineering}}
@STRING{HOST           = {Proceedings of the {IEEE} International Symposium on Hardware Oriented Security and Trust}}
@STRING{HOTPOWER       = {Proceedings of the {USENIX} Conference on Power-Aware Computing and Systems}}
@STRING{HPCA           = {Proceedings of the International Symposium High-Performance Computer Architecture}}
@STRING{HPCS           = {Proceedings of the International Conference on High Performance Computing and Simulation}}
@STRING{HPDC           = {Proceedings of the {ACM} International Symposium on High-Performance Parallel and Distributed Computing}}
@STRING{ICCAD          = {Proceedings of the {IEEE}/{ACM} International Conference on Computer-Aided Design}}
@STRING{ICCD           = {Proceedings of the {IEEE} International Conference Computer Design}}
@STRING{ICCP           = {Proceedings of the International Conference on Parallel Processing}}
@STRING{ICCS           = {Proceedings of the International Conference Computational Science}}
@STRING{ICS            = {Proceedings of the {ACM} International Conference on Supercomputing}}
@STRING{IEDM           = {Proceedings of the International {IEEE} Electron Devices Meeting}}
@STRING{IGCC           = {Proceedings of the International Green Computing Conference}}
@STRING{IISWC          = {Proceedings of the {IEEE} International Symposium on Workload Characterization}}
@STRING{INPAR          = {Proceedings of the Innovative Parallel Computing: Foundations and Applications of GPU, Manycore, and Heterogeneous Systems}} 
@STRING{IPDPS          = {Proceedings of the {IEEE} International Parallel and Distributed Processing Symposium}}
@STRING{IROS           = {Proceedings of the {IEEE}/{RSJ} International Conference Intelligent Robots and Systems}}
@STRING{IRPS           = {Proceedings of the {IEEE} International Reliability Physics Symposium}}
@STRING{ISCA           = {Proceedings of the International Symposium on Computer Architecture}}
@STRING{ISCAS          = {Proceedings of the International Symposium on Circuits and Systems}}
@STRING{ISCIS          = {Proceedings of the International Symposium on Computer and Information Sciences}}
@STRING{ISLPE          = {Proceedings of the {IEEE} Symposium on Low Power Electronics}}
@STRING{ISLPED         = {Proceedings of the International Symposium on Low Power Electronics and Design}}
@STRING{ISPA           = {Proceedings of the International Symposium on Parallel and Distributed Processing and Applications}}
@STRING{ISPASS         = {Proceedings of the International Symposium on Performance Analysis of Systems and Software}}
@STRING{ISQED          = {Proceedings of the International Symposium on Quality Electronic Design}}
@STRING{ISSCC          = {Proceedings of the {IEEE} International Solid-State Circuits Conference}}
@STRING{ISVLSI         = {Proceedings of the {IEEE} Computer Society Symposium on VLSI}}
@STRING{LCTES          = {Proceedings of the {ACM} Conference on Languages, Compilers, and Tools for Embedded Systems}}
@STRING{LCTES_SCOPES   = {Proceedings of the {ACM} {SIGPLAN} Joint Conference on Languages, Compilers, and Tools for Embedded Systems and Software and Compilers for Embedded Systems}}
@STRING{MASCOTS        = {Proceedings of the {IEEE} International Symposium onModeling, Analysis Simulation of Computer and Telecommunication Systems}}
@STRING{MICRO          = {Proceedings of the {ACM/IEEE} International Symposium on Microarchitecture}}
@STRING{MOBISYS        = {Proceedings of the International Conference on Mobile Systems, Applications, and Services}}
@STRING{NANOARCH       = {Proceedings of the {IEEE} International Symposium on Nanoscale Architecture}}
@STRING{NDSS           = {Proceedings of the Network and Distributed System Security Symposium}}
@STRING{NOCS           = {Proceedings of the {ACM}/{IEEE} International Symposium on Networks-on-Chip}}
@STRING{OOPSLA         = {Proceedings of the Conference on Object-Oriented Programming, Systems, Language and Applications}}
@STRING{OSDI           = {Proceedings of the {USENIX} Conference on Operating System Design and Implementation}}
@STRING{PACT           = {Proceedings of the International Conference on Parallel Architectural and Compilation Techniques}}
@STRING{PDPTA          = {Proceedings of the International Conference on Parallel and Distributed Processing Techniques and Applications}}
@STRING{PLDI           = {Proceedings of the {ACM} {SIGPLAN} Conference on Programming Language Design and Implementation}}
@STRING{PNAS           = {Proceedings of the National Academy of Sciences of the United States of America}}
@STRING{POPL           = {Proceedings of the {ACM} {SIGPLAN} Symposium on Principles of Programming Languages}}
@STRING{PPOPP          = {Proceedings of the {ACM} {SIGPLAN} Symposium on Principles and Practice of Parallel Programming}}
@STRING{PRDC           = {Proceedings of the {IEEE}  Pacific Rim International Symposium on Dependable Computing}}
@STRING{RAMS           = {Proceedings of the International Reliability and Maintainability Symposium}}
@STRING{RSACONF        = {Proceedings of the RSA Conference}}
@STRING{SC             = {Proceedings of the International Conference for High Performance Computing, Networking, Storage and Analysis}}
@STRING{SIGGRAPH       = {Proceedings of the {SIGGRAPH}: International Conference on Computer Graphics and Interactive Techniques}}
@STRING{SIGMETRICS     = {Proceedings of the {ACM} {SIGMETRICS}: International Conference on Measurement and Modeling of Computer Systems}}
@STRING{SECURITY       = {Proceedings of the {USENIX} Security Symposium}}
@STRING{SOCC           = {Proceedings of the {IEEE} International System-on-Chip Conference}}
@STRING{SOSP           = {Proceedings of the {ACM} Symposium on Operating Systems Principles}}
@STRING{SP             = {Proceedings of the {IEEE} Symposium on Security and Privacy}}
@STRING{SUIF           = {Proceedings of the {SUIF} Compiler Workshop}}
@STRING{SYSTOR         = {Proceedings of the {ACM} International Systems and Storage Conference}}
@STRING{VLSIDESIGN     = {Proceedings of the International Conference on VLSI Design}}


Journals

@STRING{AJAS           = {{American} Journal of Applied Sciences}}
@STRING{CACM           = {Communications of the {ACM}}}
@STRING{CAL            = {{IEEE} Computer Architecture Letters}}
@STRING{CANEWS         = {{ACM} {SIGARCH} Computer Architecture News}}
@STRING{COMACM         = {Communications of the {ACM}}}
@STRING{COMPUTER       = {Computer}}
@STRING{CSSP           = {Circuits, Systems, and Signal Processing}}
@STRING{CSUR           = {{ACM} Computing Surveys}}
@STRING{DAM            = {Discrete Applied Mathematics}}
@STRING{ETCAS          = {{IEEE} Transactions on Emerging and Selected Topics in Circuits and Systems}}
@STRING{IBMJRD         = {{IBM} Journal of Research and Development}}
@STRING{IEEECOMM       = {{IEEE} Communications Magazine}}
@STRING{IEEEMICRO      = {{IEEE} Micro}}
@STRING{IJHPSA         = {International Journal of High Performance Systems Architecture}}
@STRING{IPL            = {Information Processing Letters}}
@STRING{JACM           = {Journal of {ACM}}}
@STRING{JAP            = {Journal of Applied Physics}}
@STRING{JCE            = {Journal of Cryptographic Engineering}}
@STRING{JCOMP          = {Computing}}
@STRING{JETC           = {{ACM} Journal on Emerging Technologies in Computing Systems}}
@STRING{JSC            = {The Journal of Supercomputing}}
@STRING{JSPS           = {Journal of Signal Processing Systems}}
@STRING{JSSC           = {{IEEE} Journal of Solid-State Circuits}}
@STRING{JWN            = {Wireless Networks}}
@STRING{MAM            = {Microprocessors and Microsystems: Embedded Hardware Design}}
@STRING{NANO           = {Nano Letters}}
@STRING{OSR            = {{ACM} {SIGOPS} Operating Systems Review}}
@STRING{PCOMP          = {{IEEE} Pervasive Computing}}
@STRING{PROCIEEE       = {Proceedings of the IEEE}}
@STRING{PROCMICRO      = {Proceedings of the {IEEE}}}
@STRING{SCIREP         = {Scientific Reports}}
@STRING{SICOMP         = {{SIAM} Journal on Computing}}
@STRING{SLCA           = {Synthesis Lectures on Computer Architecture}}
@STRING{SPRINGERDAES   = {Design Automation for Embedded Systems}}
@STRING{TACO           = {{ACM}  Transactions on Architecture and Code Optimization}}
@STRING{TC             = {{IEEE} Transactions on Computers}}
@STRING{TCAS           = {{IEEE} Transactions on Circuits and Systems, I}}
@STRING{TCDICS         = {{IEEE} Transactions on Computer-Aided Design of Integrated Circuits and Systems}}
@STRING{TCS            = {Theoretical Computer Science}}
@STRING{TECS           = {{ACM}  Transactions on Embedded Computing Systems}}
@STRING{TED            = {{IEEE} Transactions on Electron Devices}}
@STRING{TISSEC         = {{ACM} Transactions on Information and System Security}}
@STRING{TNANO          = {{IEEE} Transactions on Nanotechnology}}
@STRING{TOCS           = {{ACM}  Transactions on Computer Systems}}
@STRING{TODAES         = {{ACM}  Transactions on Design Automation of Electronic Systems}}
@STRING{TPDS           = {{IEEE} Transactions on Parallel and Distributed Systems}}
@STRING{TSE            = {{IEEE} Transactions on Software Engineering}}
@STRING{TSP            = {{IEEE} Transactions on Signal Processing}}
@STRING{TVLSI          = {{IEEE} Transactions on Very Large Scale Integration ({VLSI}) Systems}}
@STRING{VLSICS         = {International Journal of VLSI design \& Communication Systems}}


Workshops

@STRING{ASGI           = {Proceedings of the Workshop on Architectural Support for Gigascale Integration}}
@STRING{CSAW           = {Proceedings of the {ACM} Workshop on Computer Security Architectures}}
@STRING{HASP           = {Proceedings of the International Workshop on Hardware and Architectural Support for Security and Privacy}}
@STRING{HOTPAR         = {Proceedings of the {USENIX} Workshop on Hot Topics in Parallelism}}
@STRING{IMW            = {Proceedings of the {IEEE} International Memory Workshop}}
@STRING{MEDEA          = {Proceedings of the Workshop on MEmory Performance: DEaling with Applications, Systems and Architecture}}
@STRING{RV             = {Proceedings of the Workshop on Runtime Verification}}
@STRING{SELSE          = {Proceedings of the Workshop on System Effects of Logic Soft Error}}
@STRING{WACAS          = {Proceedings of the Workshop on Approximate Computing Across the System Stack}}
@STRING{WDDD           = {Proceedings of the Workshop on Duplicating, Deconstructing and Debunking}}
@STRING{WWC            = {Proceedings of the {IEEE} International Workshop on Workload Characterization}}


@Comment  LocalWords:  bstctl etal CTLuse CTLmax nodash CTLdash
@Comment  LocalWords:  simpurl CTLname CODESISSS Gigascale
@Comment  LocalWords:  Codesign EUROSYS HOTPOWER
@Comment  LocalWords:  Manycore SIGPLAN MOBISYS
@Comment  LocalWords:  Microarchitecture SIGGRAPH
@Comment  LocalWords:  SIGMETRICS VLSIDESIGN MEmory
@Comment  LocalWords:  SIGARCH IEEECOMM IEEEMICRO
@Comment  LocalWords:  DEaling Euromicro NANOARCH
@Comment  LocalWords:  PROCMICRO
