@book{lamport94,
  author =	 "Leslie Lamport",
  title =	 "{\LaTeX: A Document Preparation System}",
  year =	 1994,
  publisher =	 "Addison-Wesley",
  edition =	 "2nd",
  address =	 "Reading, Massachusetts"
}

@inproceedings{stokes+:LCTES2018_dagda,
  author =	 {Stokes, Michael and Baird, Ryan and Jin, Zhaoxiang and
                  Whalley, David and Onder, Soner},
  title =	 {Decoupling Address Generation from Loads and Stores to Improve
                  Data Access Energy Efficiency},
  booktitle =	 LCTES,
  year =	 2018,
  isbn =	 {978-1-4503-5803-3},
  pages =	 {65--75},
  url =		 {http://doi.acm.org/10.1145/3211332.3211340},
  doi =		 {10.1145/3211332.3211340},
  publisher =	 ACM,
  address =	 ACM_ADDRESS,
}

@inproceedings{lipasti+:ASPLOS1996_valueprediction,
  author =	 {Lipasti, Mikko H. and Wilkerson, Christopher B. and Shen, John
                  Paul},
  title =	 {Value Locality and Load Value Prediction},
  booktitle =	 ASPLOS,
  year =	 1996,
  isbn =	 {0-89791-767-7},
  pages =	 {138--147},
  url =		 {http://doi.acm.org/10.1145/237090.237173},
  doi =		 {10.1145/237090.237173},
  publisher =	 ACM,
  address =	 ACM_ADDRESS,
}

@inproceedings{lipasti+:MICRO1996,
  author =	 {Lipasti, Mikko H. and Shen, John Paul},
  title =	 {Exceeding the Dataflow Limit via Value Prediction},
  booktitle =	 MICRO,
  year =	 1996,
  isbn =	 {0-8186-7641-8},
  pages =	 {226--237},
  url =		 {http://dl.acm.org/citation.cfm?id=243846.243889},
  publisher =	 IEEE,
  address =	 IEEE_ADDRESS,
}

@article{ceze+:TACO2006,
  author =	 {Ceze, Luis and Strauss, Karin and Tuck, James and Torrellas,
                  Josep and Renau, Jose},
  title =	 {{CAVA}: Using Checkpoint-assisted Value Prediction to Hide L2
                  Misses},
  journal =	 TACO,
  issue_date =	 {June 2006},
  volume =	 3,
  number =	 2,
  month =	 jun,
  year =	 2006,
  issn =	 {1544-3566},
  pages =	 {182--208},
  url =		 {http://doi.acm.org/10.1145/1138035.1138038},
  doi =		 {10.1145/1138035.1138038},
  publisher =	 ACM,
  address =	 ACM_ADDRESS,
}

@inproceedings{perais:HPCA2014_vtage,
  title =	 {Practical data value speculation for future high-end
                  processors},
  author =	 {Perais, Arthur and Seznec, Andr{\'e}},
  booktitle =	 HPCA,
  pages =	 {428--439},
  year =	 2014,
  doi =		 {10.1109/HPCA.2014.6835952},
  publisher =	 IEEE,
  address =	 IEEE_ADDRESS,
}

@inproceedings{qureshi:MICRO2018_ceaser,
  title =	 {{CEASER}: Mitigating Conflict-Based Cache Attacks via
                  Encrypted-Address and Remapping},
  author =	 {Qureshi, Moinuddin K.},
  booktitle =	 MICRO,
  year =	 2018,
  pages =	 {775-787},
  doi =		 {10.1109/MICRO.2018.00068},
  month =	 oct,
  publisher =	 IEEE,
  address =	 IEEE_ADDRESS,
}

@inproceedings{bell_lipasti:ISPASS2004,
  author =	 {Bell, Gordon B. and Lipasti, Mikko H.},
  title =	 {Deconstructing Commit},
  booktitle =	 ISPASS,
  year =	 2004,
  pages =	 {68--77},
  url =		 {http://dl.acm.org/citation.cfm?id=1153925.1154589},
  doi =		 {10.1109/ISPASS.2004.1291357},
  publisher =	 IEEE,
  address =	 IEEE_ADDRESS,
}

@InProceedings{li_CACTI:ICCAD2011,
  author =	 {Li, Sheng and Chen, Ke and Ahn, Jung Ho and Brockman, Jay B
                  and Jouppi, Norman P},
  title =	 {{CACTI-P}: Architecture-Level Modeling for {SRAM}-based
                  Structures with Advanced Leakage Reduction Techniques},
  booktitle =	 ICCAD,
  year =	 2011,
  pages =	 {694--701},
  doi =		 {10.1109/ICCAD.2011.6105405},
  publisher =	 IEEE,
  address =	 IEEE_ADDRESS,
}

@InProceedings{li_mcpat:MICRO2009,
  author =	 {Li, Sheng and Ahn, Jung Ho and Strong, Richard D. and
                  Brockman, Jay B. and Tullsen, Dean M. and Jouppi, Norman P.},
  title =	 {{McPAT}: An Integrated Power, Area, and Timing Modeling
                  Framework for Multicore and Manycore Architectures},
  booktitle =	 MICRO,
  year =	 2009,
  pages =	 {469--480},
  month =	 dec,
  doi =		 {10.1145/1669112.1669172},
  isbn =	 {978-1-60558-798-1},
  publisher =	 IEEE,
  address =	 IEEE_ADDRESS,
}

@article{binkert_gem5:CANEWS2011,
  author =	 {Binkert, Nathan and Beckmann, Bradford and Black, Gabriel and
                  Reinhardt, Steven K. and Saidi, Ali and Basu, Arkaprava and
                  Hestness, Joel and Hower, Derek R. and Krishna, Tushar and
                  Sardashti, Somayeh and Sen, Rathijit and Sewell, Korey and
                  Shoaib, Muhammad and Vaish, Nilay and Hill, Mark D. and Wood,
                  David A.},
  title =	 {The gem5 Simulator},
  journal =	 CANEWS,
  year =	 2011,
  volume =	 39,
  pages =	 {1--7},
  number =	 2,
  month =	 aug,
  doi =		 {10.1145/2024716.2024718},
  issn =	 {0163-5964},
  issue =	 2,
  issue_date =	 {May 2011},
  publisher =	 ACM,
  address =	 ACM_ADDRESS,
}

@misc{spec:cpu06,
  title =	 {{SPEC CPU} Benchmark Suite},
  author =	 {{Standard Performance Evaluation Corporation}},
  howpublished = {\url{http://www.specbench.org/osg/cpu2006/}},
  year =	 2006,
}

@misc{trippel_meltdownprime:arxiv2018,
  title =	 {{MeltdownPrime} and {SpectrePrime}: Automatically-Synthesized
                  Attacks Exploiting Invalidation-Based Coherence Protocols},
  url =		 {http://arxiv.org/abs/1802.03802},
  author =	 {Trippel, Caroline and Lustig, Daniel and Martonosi, Margaret},
  year =	 2018,
  eprinttype =	 {arxiv},
  eprint =	 {1802.03802},
}

@InProceedings{yan_invisispec:MICRO2018,
  author =	 {Mengjia Yan and Jiho Choi and Dimitrios Skarlatos and Adam
                  Morrison and Christopher W. Fletcher and Josep Torrellas},
  title =	 {{InvisiSpec}: Making Speculative Execution Invisible in the
                  Cache Hierarchy},
  booktitle =	 MICRO,
  doi =		 {10.1109/MICRO.2018.00042},
  year =	 2018,
  month =	 oct,
  pages =	 {428-441},
  publisher =	 IEEE,
  address =	 IEEE_ADDRESS,
}

@inproceedings{liu_random_2014,
  title =	 {Random Fill Cache Architecture},
  doi =		 {10.1109/MICRO.2014.28},
  pages =	 {203--215},
  booktitle =	 MICRO,
  author =	 {Liu, Fangfei and Lee, Ruby B.},
  year =	 2014,
  month =	 dec,
  publisher =	 IEEE,
  address =	 IEEE_ADDRESS,
}

@inproceedings{gruss_cache_2015,
  title =	 {Cache Template Attacks: Automating Attacks on Inclusive
                  Last-Level Caches},
  pages =	 {897--912},
  booktitle =	 SECURITY,
  author =	 {Gruss, Daniel and Spreitzer, Raphael and Mangard, Stefan},
  year =	 2015,
  isbn =	 {978-1-931971-232},
  url =
                  {https://www.usenix.org/conference/usenixsecurity15/technical-sessions/presentation/gruss},
  publisher =	 {{USENIX} Association}
}

@misc{khasawneh_safespec:arxiv2018,
  title =	 {{SafeSpec}: Banishing the Spectre of a Meltdown with
                  Leakage-Free Speculation},
  url =		 {http://arxiv.org/abs/1806.05179},
  author =	 {Khasawneh, Khaled N. and Koruyeh, Esmaeil Mohammadian and
                  Song, Chengyu and Evtyushkin, Dmitry and Ponomarev, Dmitry and
                  Abu-Ghazaleh, Nael},
  year =	 2018,
  month =	 jun,
  eprinttype =	 {arxiv},
  eprint =	 {1806.05179},
}

@inproceedings{irazoqui_cross_2016,
  title =	 {Cross Processor Cache Attacks},
  isbn =	 {978-1-4503-4233-9},
  url =		 {http://doi.acm.org/10.1145/2897845.2897867},
  doi =		 {10.1145/2897845.2897867},
  pages =	 {353--364},
  booktitle =	 ASIACCS,
  author =	 {Irazoqui, Gorka and Eisenbarth, Thomas and Sunar, Berk},
  year =	 2016,
  publisher =	 ACM,
  address =	 ACM_ADDRESS,
}

@article{liu_newcache:_2016,
  title =	 {Newcache: Secure Cache Architecture Thwarting Cache
                  Side-Channel Attacks},
  volume =	 36,
  issn =	 {0272-1732},
  doi =		 {10.1109/MM.2016.85},
  pages =	 {8--16},
  number =	 5,
  journal =	 IEEEMICRO,
  author =	 {Liu, Fangfei and Wu, Hao and Mai, Kenneth and Lee, Ruby B.},
  year =	 2016,
  month =	 sep,
  publisher =	 IEEE,
  address =	 IEEE_ADDRESS,
}

@inproceedings{gullasch_cache_2011,
  title =	 {Cache Games -- Access-Based Cache Attacks on {AES} to
                  Practice},
  doi =		 {10.1109/SP.2011.22},
  pages =	 {490--505},
  booktitle =	 SP,
  author =	 {Gullasch, David and Bangerter, Endre and Krenn, Stephan},
  year =	 2011,
  month =	 may,
  publisher =	 IEEE,
  address =	 IEEE_ADDRESS,
}

@article{keramidas_non_2008,
  title =	 {Non deterministic caches: a simple and effective defense
                  against side channel attacks},
  volume =	 12,
  issn =	 {0929-5585, 1572-8080},
  url =		 {https://link.springer.com/article/10.1007/s10617-008-9018-y},
  doi =		 {10.1007/s10617-008-9018-y},
  pages =	 {221--230},
  number =	 3,
  journal =	 SPRINGERDAES,
  author =	 {Keramidas, Georgios and Antonopoulos, Antonios and Serpanos,
                  Dimitrios N. and Kaxiras, Stefanos},
  year =	 2008,
  month =	 sep,
}

@misc{lipp_meltdown_2018,
  title =	 {Meltdown},
  url =		 {http://arxiv.org/abs/1801.01207},
  author =	 {Lipp, Moritz and Schwarz, Michael and Gruss, Daniel and
                  Prescher, Thomas and Haas, Werner and Mangard, Stefan and
                  Kocher, Paul and Genkin, Daniel and Yarom, Yuval and Hamburg,
                  Mike},
  year =	 2018,
  month =	 jan,
  eprinttype =	 {arxiv},
  eprint =	 {1801.01207},
}

@inproceedings{kocher_spectre_2018,
  title =	 {Spectre attacks: Exploiting speculative execution},
  author =	 {Kocher, Paul and Genkin, Daniel and Gruss, Daniel and Haas,
                  Werner and Hamburg, Mike and Lipp, Moritz and Mangard, Stefan
                  and Prescher, Thomas and Schwarz, Michael and Yarom, Yuval},
  booktitle =	 SP,
  year =	 2019,
  month =	 may,
  publisher =	 IEEE,
  address =	 IEEE_ADDRESS,
}

@inproceedings{yarom_flush+_2014,
  title =	 {{FLUSH}+ {RELOAD}: A High Resolution, Low Noise, L3 Cache
                  Side-Channel Attack},
  booktitle =	 SECURITY,
  author =	 {Yarom, Yuval and Falkner, Katrina},
  year =	 2014,
  isbn =	 {978-1-931971-15-7},
  pages =	 {719--732},
  url =
                  {https://www.usenix.org/conference/usenixsecurity14/technical-sessions/presentation/yarom},
  publisher =	 {{USENIX} Association},
}

@inproceedings{liu_security_2013,
  title =	 {Security Testing of a Secure Cache Design},
  isbn =	 {978-1-4503-2118-1},
  url =		 {http://doi.acm.org/10.1145/2487726.2487729},
  doi =		 {10.1145/2487726.2487729},
  pages =	 {3:1--3:8},
  booktitle =	 HASP,
  author =	 {Liu, Fangfei and Lee, Ruby B.},
  year =	 2013,
  publisher =	 ACM,
  address =	 ACM_ADDRESS,
}

@inproceedings{wang_new_2007,
  title =	 {New Cache Designs for Thwarting Software Cache-based Side
                  Channel Attacks},
  isbn =	 {978-1-59593-706-3},
  url =		 {http://doi.acm.org/10.1145/1250662.1250723},
  doi =		 {10.1145/1250662.1250723},
  pages =	 {494--505},
  booktitle =	 ISCA,
  author =	 {Wang, Zhenghong and Lee, Ruby B.},
  year =	 2007,
  publisher =	 ACM,
  address =	 ACM_ADDRESS,
}

@article{domnitser_non-monopolizable_2012,
  title =	 {Non-monopolizable Caches: Low-complexity Mitigation of Cache
                  Side Channel Attacks},
  volume =	 8,
  issn =	 {1544-3566},
  url =		 {http://doi.acm.org/10.1145/2086696.2086714},
  doi =		 {10.1145/2086696.2086714},
  pages =	 {35:1--35:21},
  number =	 4,
  journal =	 TACO,
  author =	 {Domnitser, Leonid and Jaleel, Aamer and Loew, Jason and
                  Abu-Ghazaleh, Nael and Ponomarev, Dmitry},
  year =	 2012,
  month =	 jan,
}

@misc{page_partitioned_2005,
  title =	 {Partitioned Cache Architecture as a Side-Channel Defence
                  Mechanism},
  number =	 280,
  note =	 {{IACR} Cryptology {ePrint} archive},
  eprinttype =	 {{IACR} Cryptology {ePrint} archive},
  author =	 {Page, Dan},
  year =	 2005,
}

@article{maurice_hello_2017,
  title =	 {Hello from the other side: {SSH} over robust cache covert
                  channels in the cloud},
  journal =	 NDSS,
  author =	 {Maurice, Cl\'ementine and Weber, Manuel and Schwarz, Michael
                  and Giner, Lukas and Gruss, Daniel and Boano, Carlo Alberto
                  and Mangard, Stefan and R\"omer, Kay},
  year =	 2017,
}

@inproceedings{zhuang_hardware_2004,
  title =	 {Hardware Assisted Control Flow Obfuscation for Embedded
                  Processors},
  isbn =	 {978-1-58113-890-0},
  url =		 {http://doi.acm.org/10.1145/1023833.1023873},
  doi =		 {10.1145/1023833.1023873},
  pages =	 {292--302},
  booktitle =	 CASES,
  publisher =	 ACM,
  author =	 {Zhuang, Xiaotong and Zhang, Tao and Lee, Hsien-Hsin S. and
                  Pande, Santosh},
  year =	 2004,
  address =	 ACM_ADDRESS,
}

@inproceedings{zhuang_hide:_2004,
  title =	 {{HIDE}: An Infrastructure for Efficiently Protecting
                  Information Leakage on the Address Bus},
  isbn =	 {978-1-58113-804-7},
  url =		 {http://doi.acm.org/10.1145/1024393.1024403},
  doi =		 {10.1145/1024393.1024403},
  pages =	 {72--84},
  booktitle =	 ASPLOS,
  publisher =	 ACM,
  author =	 {Zhuang, Xiaotong and Zhang, Tao and Pande, Santosh},
  year =	 2004,
  address =	 ACM_ADDRESS,
}

@misc{bernstein_cache-timing_2005,
  title =	 {Cache-timing attacks on {AES}},
  author =	 {Bernstein, Daniel J.},
  year =	 2005,
}

@inproceedings{osvik_cache_2006,
  title =	 {Cache attacks and countermeasures: the case of {AES}},
  pages =	 {1--20},
  booktitle =	 RSACONF,
  publisher =	 {Springer},
  author =	 {Osvik, Dag Arne and Shamir, Adi and Tromer, Eran},
  year =	 2006,
  doi =		 {10.1007/11605805_1}
}

@inproceedings{kim_stealthmem:_2012,
  title =	 {{STEALTHMEM}: System-level Protection Against Cache-based Side
                  Channel Attacks in the Cloud},
  url =		 {http://dl.acm.org/citation.cfm?id=2362793.2362804},
  pages =	 {11--11},
  booktitle =	 SECURITY,
  author =	 {Kim, Taesoo and Peinado, Marcus and Mainar-Ruiz, Gloria},
  year =	 2012,
  publisher =	 {{USENIX} Association},
}

@inproceedings{may_non-deterministic_2001,
  title =	 {Non-deterministic processors},
  pages =	 {115--129},
  booktitle =	 ACISP,
  publisher =	 {Springer},
  author =	 {May, David and Muller, Henk L. and Smart, Nigel P.},
  year =	 2001,
  doi =		 {10.1007/3-540-47719-5_11},
}

@inproceedings{wang_novel_2008,
  title =	 {A Novel Cache Architecture with Enhanced Performance and
                  Security},
  isbn =	 {978-1-4244-2836-6},
  url =		 {https://doi.org/10.1109/MICRO.2008.4771781},
  doi =		 {10.1109/MICRO.2008.4771781},
  pages =	 {83--93},
  booktitle =	 MICRO,
  author =	 {Wang, Zhenghong and Lee, Ruby B.},
  year =	 2008,
  publisher =	 IEEE,
  address =	 IEEE_ADDRESS,
}

@inproceedings{coppens_practical_2009,
  title =	 {Practical Mitigations for Timing-Based Side-Channel Attacks on
                  Modern x86 Processors},
  doi =		 {10.1109/SP.2009.19},
  pages =	 {45--60},
  booktitle =	 SP,
  author =	 {Coppens, Bart and Verbauwhede, Ingrid and Bosschere, Koen
                  D. and Sutter, Bjorn D.},
  year =	 2009,
  month =	 may,
  publisher =	 IEEE,
  address =	 IEEE_ADDRESS,
}

@inproceedings{duc_cryptopage:_2006,
  title =	 {{CryptoPage}: An Efficient Secure Architecture with Memory
                  Encryption, Integrity and Information Leakage Protection},
  doi =		 {10.1109/ACSAC.2006.21},
  pages =	 {483--492},
  booktitle =	 ACSAC,
  author =	 {Duc, Guillaume and Keryell, Ronan},
  year =	 2006,
  month =	 dec,
}

@inproceedings{fletchery_suppressing_2014,
  title =	 {Suppressing the Oblivious {RAM} timing channel while making
                  information leakage and program efficiency trade-offs},
  doi =		 {10.1109/HPCA.2014.6835932},
  pages =	 {213--224},
  booktitle =	 HPCA,
  author =	 {Fletchery, Christopher W. and Ren, Ling and Yu, Xiangyao and
                  Dijk, Marten Van and Khan, Omer and Devadas, Srinivas},
  year =	 2014,
  month =	 feb,
  publiser =	 IEEE,
  address =	 IEEE_ADDRESS,
}

@article{goldreich_software_1996,
  title =	 {Software Protection and Simulation on Oblivious {RAMs}},
  volume =	 43,
  issn =	 {0004-5411},
  url =		 {http://doi.acm.org/10.1145/233551.233553},
  doi =		 {10.1145/233551.233553},
  pages =	 {431--473},
  number =	 3,
  journal =	 JACM,
  author =	 {Goldreich, Oded and Ostrovsky, Rafail},
  year =	 1996,
  month =	 may,
}

@inproceedings{kong_hardware-software_2009,
  title =	 {Hardware-software integrated approaches to defend against
                  software cache-based side channel attacks},
  doi =		 {10.1109/HPCA.2009.4798277},
  pages =	 {393--404},
  booktitle =	 HPCA,
  author =	 {Kong, Jingfei and Aciicmez, Onur and Seifert, Jean-Pierre and
                  Zhou, Huiyang},
  year =	 2009,
  month =	 feb,
  publisher =	 IEEE,
  address =	 IEEE_ADDRESS,
}

@inproceedings{kong_deconstructing_2008,
  title =	 {Deconstructing New Cache Designs for Thwarting Software
                  Cache-based Side Channel Attacks},
  isbn =	 {978-1-60558-300-6},
  url =		 {http://doi.acm.org/10.1145/1456508.1456514},
  doi =		 {10.1145/1456508.1456514},
  pages =	 {25--34},
  booktitle =	 CSAW,
  publisher =	 ACM,
  author =	 {Kong, Jingfei and Aciicmez, Onur and Seifert, Jean-Pierre and
                  Zhou, Huiyang},
  year =	 2008,
  address =	 ACM_ADDRESS,
}

@inproceedings{fuchs_disruptive_2015,
  title =	 {Disruptive Prefetching: Impact on Side-channel Attacks and
                  Cache Designs},
  isbn =	 {978-1-4503-3607-9},
  url =		 {http://doi.acm.org/10.1145/2757667.2757672},
  doi =		 {10.1145/2757667.2757672},
  pages =	 {14:1--14:12},
  booktitle =	 SYSTOR,
  publisher =	 ACM,
  author =	 {Fuchs, Adi and Lee, Ruby B.},
  year =	 2015,
  address =	 ACM_ADDRESS,
}

@inproceedings{zhang_duppel:_2013,
  title =	 {D\"uppel: Retrofitting Commodity Operating Systems to Mitigate
                  Cache Side Channels in the Cloud},
  isbn =	 {978-1-4503-2477-9},
  url =		 {http://doi.acm.org/10.1145/2508859.2516741},
  doi =		 {10.1145/2508859.2516741},
  pages =	 {827--838},
  booktitle =	 CCS,
  publisher =	 ACM,
  author =	 {Zhang, Yinqian and Reiter, Michael K.},
  year =	 2013,
  address =	 ACM_ADDRESS,
}

@inproceedings{pessl_drama:_2016,
  title = {{DRAMA}: Exploiting {DRAM} Addressing for Cross-{CPU}
                  Attacks.},
  pages =	 {565--581},
  booktitle =	 SECURITY,
  author =	 {Pessl, Peter and Gruss, Daniel and Maurice, Cl\'ementine and
                  Schwarz, Michael and Mangard, Stefan},
  year =	 2016,
  publisher =	 USENIX_ASSOCIATOIN,
}

@inproceedings{wu_whispers_2012,
  title =	 {Whispers in the Hyper-space: High-speed Covert Channel Attacks
                  in the Cloud.},
  pages =	 {159--173},
  booktitle =	 SECURITY,
  author =	 {Wu, Zhenyu and Xu, Zhang and Wang, Haining},
  year =	 2012,
  publisher =	 USENIX_ASSOCIATION,
}

@inproceedings{fang_prefetch-guard:_2018,
  title =	 {Prefetch-guard: Leveraging hardware prefetches to defend
                  against cache timing channels},
  doi =		 {10.1109/HST.2018.8383912},
  pages =	 {187--190},
  booktitle =	 HOST,
  author =	 {Fang, Hongyua and Dayapule, Sai Santosh and Yao, Fan and
                  Doroslova\u{c}ki, Milo\u{s} and Venkataramani, Guru},
  year =	 2018,
  month =	 apr,
  publisher =	 IEEE,
  address =	 IEEE_ADDRESS,
}

@inproceedings{martin_timewarp:_2012,
  title =	 {{TimeWarp}: Rethinking Timekeeping and Performance Monitoring
                  Mechanisms to Mitigate Side-channel Attacks},
  isbn =	 {978-1-4503-1642-2},
  url =		 {http://dl.acm.org/citation.cfm?id=2337159.2337173},
  doi =		 {10.1145/2366231.2337173},
  pages =	 {118--129},
  booktitle =	 ISCA,
  author =	 {Martin, Robert and Demme, John and Sethumadhavan, Simha},
  year =	 2012,
  publisher =	 IEEE,
  address =	 IEEE_ADDRESS,
}

@inproceedings{wang_covert_2006,
  title =	 {Covert and Side Channels Due to Processor Architecture},
  doi =		 {10.1109/ACSAC.2006.20},
  pages =	 {473--482},
  booktitle =	 ACSAC,
  author =	 {Wang, Zenghong and Lee, Ruby B.},
  year =	 2006,
  month =	 dec,
  publisher =	 IEEE,
  address =	 IEEE_ADDRESS,
}

@misc{chen_sgxpectre_2018,
  title =	 {{SgxPectre} Attacks: Stealing Intel Secrets from {SGX}
                  Enclaves via Speculative Execution},
  url =		 {http://arxiv.org/abs/1802.09085},
  author =	 {Chen, Guoxing and Chen, Sanchuan and Xiao, Yuan and Zhang,
                  Yinqian and Lin, Zhiqiang and Lai, Ten H.},
  year =	 2018,
  month =	 feb,
  eprinttype =	 {arxiv},
  eprint =	 {1802.09085},
}

@inproceedings{evtyushkin_branchscope:_2018,
  title =	 {{BranchScope}: A New Side-Channel Attack on Directional Branch
                  Predictor},
  isbn =	 {978-1-4503-4911-6},
  url =		 {http://doi.acm.org/10.1145/3173162.3173204},
  doi =		 {10.1145/3173162.3173204},
  pages =	 {693--707},
  booktitle =	 ASPLOS,
  publisher =	 ACM,
  author =	 {Evtyushkin, Dmitry and Riley, Ryan and Abu-Ghazaleh, Nael CSE
                  and {ECE} and Ponomarev, Dmitry},
  year =	 2018,
  address =	 ACM_ADDRESS,
}

@misc{maisuradze_speculose:_2018,
  title =	 {Speculose: Analyzing the Security Implications of Speculative
                  Execution in {CPUs}},
  url =		 {http://arxiv.org/abs/1801.04084},
  author =	 {Maisuradze, Giorgi and Rossow, Christian},
  year =	 2018,
  month =	 jan,
  eprinttype =	 {arxiv},
  eprint =	 {1801.04084},
}

@inproceedings{lowe-power_position_2018,
  title =	 {Position Paper: A Case for Exposing Extra-architectural State
                  in the {ISA}},
  isbn =	 {978-1-4503-6500-0},
  url =		 {http://doi.acm.org/10.1145/3214292.3214300},
  doi =		 {10.1145/3214292.3214300},
  pages =	 {8:1--8:6},
  booktitle =	 HASP,
  publisher =	 ACM,
  author =	 {Lowe-Power, Jason and Akella, Venkatesh and Farrens, Matthew
                  K. and King, Samuel T. and Nitta, Christopher J.},
  year =	 2018,
  address =	 ACM_ADDRESS,
}

@inproceedings{kiriansky_dawg:MICRO2018,
  title =	 {{DAWG}: A Defense Against Cache Timing Attacks in Speculative
                  Execution Processors},
  author =	 {Kiriansky, Vladimir and Lebedev, Ilia and Amarasinghe, Saman
                  and Devadas, Srinivas and Emer, Joel},
  booktitle =	 MICRO,
  month =	 oct,
  year =	 2018,
  pages =	 {974-987},
  doi =		 {10.1109/MICRO.2018.00083},
  publisher =	 IEEE,
  address =	 IEEE_ADDRESS,
}

@inproceedings{dong_spectres_2018,
  title =	 {Spectres, Virtual Ghosts, and Hardware Support},
  isbn =	 {978-1-4503-6500-0},
  url =		 {http://doi.acm.org/10.1145/3214292.3214297},
  doi =		 {10.1145/3214292.3214297},
  pages =	 {5:1--5:9},
  booktitle =	 HASP,
  publisher =	 ACM,
  author =	 {Dong, Xiaowan and Shen, Zhuojia and Criswell, John and Cox,
                  Alan and Dwarkadas, Sandhya},
  year =	 2018,
  address =	 ACM_ADDRESS,
}

@inproceedings{gruss_strong_2017,
  title =	 {Strong and efficient cache side-channel protection using
                  hardware transactional memory},
  pages =	 {217--233},
  booktitle =	 SECURITY,
  author =	 {Gruss, Daniel and Lettner, Julian and Schuster, Felix and
                  Ohrimenko, Olya and Haller, Istvan and Costa, Manuel},
  year =	 2017,
  publisher =	 USENIX_ASSOCIATION,
}

@inproceedings{mehdi_ooo,
  author =	 {Alipour, Mehdi and Carlson, Trevor E. and Kaxiras, Stefanos},
  title =	 {Exploring the Performance Limits of Out-of-order Commit},
  booktitle =	 CF,
  year =	 2017,
  isbn =	 {978-1-4503-4487-6},
  pages =	 {211--220},
  url =		 {http://doi.acm.org/10.1145/3075564.3075581},
  doi =		 {10.1145/3075564.3075581},
  publisher =	 ACM,
  address =	 ACM_ADDRESS,
}

@InProceedings{bonneau_aes06,
  author =	 {Bonneau, Joseph and Mironov, Ilya},
  title =	 {Cache-Collision Timing Attacks Against {AES}},
  booktitle =	 CHES,
  year =	 2006,
  publisher =	 SPRINGER,
  pages =	 {201--215},
  isbn =	 {978-3-540-46561-4},
  doi =		 {10.1007/11894063_16}
}

@misc{corbet2017kaiser,
  title =	 {{KAISER}: hiding the kernel from user space},
  author =	 {Corbet, Jonathan},
  year =	 2017,
  publisher =	 {LWN},
  note =	 {\url{https://lwn.net/Articles/738975/}},
  lastvisited =	 {2018-10-03},
}

@misc{turner2018retpoline,
  title =	 {Retpoline: a software construct for preventing
                  branch-target-injection},
  author =	 {Turner, Paul},
  year =	 2018,
  note =	 {\url{https://support.google.com/faqs/answer/7625886}},
  lastvisited =	 {2018-10-03},
}

@misc{pardoe2018spectre,
  title =	 {Spectre mitigations in {MSVC}},
  author =	 {Pardoe, Andrew},
  year =	 2018,
  OPTpublisher =	 {Jan},
  note =
                  {\url{https://blogs.msdn.microsoft.com/vcblog/2018/01/15/spectre-mitigations-in-msvc/}},
  lastvisited =	 {2018-10-03},
}

@inproceedings{xmem18,
  author =	 {Nandita Vijaykumar and Abilasha Jain and Diptesh Majumdar and
                  Keving Hsieh and Gennady Pekhimenko and Eiman Ebrahimi and
                  Nastaran Hajinazar and Philip B. Gibbons and Onur Mutlu},
  booktitle =	 ISCA,
  title =	 {A Case for Richer Cross-Layer Abstractions: Bridging the
                  Semantic Gap with Expressive Memory},
  year =	 2018,
  pages =	 {207-220},
  doi =		 {10.1109/ISCA.2018.00027},
  ISSN =	 {2575-713X},
  month =	 jun,
  publisher =	 ACM,
  address =	 ACM_ADDRESS,
}

@inproceedings{aros-isca17,
  author =	 {Ros, Alberto and Carlson, Trevor E. and Alipour, Mehdi and
                  Kaxiras, Stefanos},
  title =	 {Non-Speculative Load-Load Reordering in {TSO}},
  booktitle =	 ISCA,
  year =	 2017,
  isbn =	 {978-1-4503-4892-8},
  pages =	 {187--200},
  url =		 {http://doi.acm.org/10.1145/3079856.3080220},
  doi =		 {10.1145/3079856.3080220},
  publisher =	 ACM,
  address =	 ACM_ADDRESS,
}

@inproceedings{ros2015callback,
  title={Callback: Efficient synchronization without invalidation with a directory just for spin-waiting},
  author={Ros, Alberto and Kaxiras, Stefanos},
  booktitle={2015 ACM/IEEE 42nd Annual International Symposium on Computer Architecture (ISCA)},
  pages={427--438},
  year={2015},
  organization={IEEE}
}

@inproceedings{ros2016racer,
  title={Racer: TSO consistency via race detection},
  author={Ros, Alberto and Kaxiras, Stefanos},
  booktitle={The 49th Annual IEEE/ACM International Symposium on Microarchitecture},
  pages={33},
  year={2016},
  organization={IEEE Press}
}

@inproceedings{yan2019secdir,
  title={SecDir: a secure directory to defeat directory side-channel attacks},
  author={Yan, Mengjia and Wen, Jen-Yang and Fletcher, Christopher W and Torrellas, Josep},
  booktitle={Proceedings of the 46th International Symposium on Computer Architecture},
  pages={332--345},
  year={2019},
  organization={ACM}
}

@article{edmondson1995internal,
  title={Internal organization of the Alpha 21164, a 300-MHz 64-bit quad-issue CMOS RISC microprocessor},
  author={Edmondson, John H. and Rubinfeld, Paul I. and Bannon, Peter J. and Benschneider, Bradley J. and Bernstein, Debra and Castelino, Ruben W. and Cooper, Elizabeth M. and Dever, Daniel E. and Donchin, Dale R. and Fischer, Timothy C. and others},
  journal={Digital Technical Journal},
  volume={7},
  number={1},
  pages={0},
  year={1995}
}

@article{seznec_256_2007,
  title =	 {A 256 kbits l-{TAGE} Branch Predictor},
  volume =	 9,
  journal =	 {Journal of Instruction-Level Parallelism (JILP) Special Issue:
                  The Second Championship Branch Prediction Competition (CBP-2)},
  author =	 {Seznec, Andr{\'e}},
  year =	 2007,
  pages =	 {1--6},
}

@inproceedings{vpsec18,
  author =	 {Cammarota, Rosario and Sheikh, Rami},
  title =	 {{VPsec}: Countering Fault Attacks in General Purpose
                  Microprocessors with Value Prediction},
  booktitle =	 CF,
  year =	 2018,
  isbn =	 {978-1-4503-5761-6},
  pages =	 {191--199},
  url =		 {http://doi.acm.org/10.1145/3203217.3203276},
  doi =		 {10.1145/3203217.3203276},
  publisher =	 ACM,
  address =	 ACM_ADDRESS,
}

@inproceedings{eole14,
  author =	 {Perais, Arthur and Seznec, Andr{\'e}},
  title =	 {{EOLE}: Paving the Way for an Effective Implementation of
                  Value Prediction},
  booktitle =	 ISCA,
  year =	 2014,
  isbn =	 {978-1-4799-4394-4},
  pages =	 {481--492},
  url =		 {http://doi.acm.org/10.1109/ISCA.2014.6853205},
  doi =		 {10.1109/ISCA.2014.6853205},
  publisher =	 ACM,
  address =	 ACM_ADDRESS,
}

@INPROCEEDINGS{lipasti04sched,
  author =	 {Ilhyun Kim and Mikko H. Lipasti},
  booktitle =	 HPCA,
  title =	 {Understanding scheduling replay schemes},
  year =	 2004,
  pages =	 {198-209},
  doi =		 {10.1109/HPCA.2004.10011},
  ISSN =	 {1530-0897},
  month =	 feb,
  publisher =	 IEEE,
  address =	 IEEE_ADDRESS,
}

@inproceedings{vpreplay99,
  author =	 {Tullsen, Dean M. and Seng, John S.},
  title =	 {Storageless Value Prediction Using Prior Register Values},
  booktitle =	 ISCA,
  year =	 1999,
  isbn =	 {0-7695-0170-2},
  location =	 {Atlanta, Georgia, USA},
  pages =	 {270--279},
  url =		 {http://dx.doi.org/10.1145/300979.301002},
  doi =		 {10.1145/300979.301002},
  publisher =	 IEEE,
  address =	 IEEE_ADDRESS,
}

@inproceedings{perais15bebop,
  author =	 {Perais, Arthur and Seznec, Andr{\'e}},
  booktitle =	 HPCA,
  title =	 {{BeBoP}: A cost effective predictor infrastructure for
                  superscalar value prediction},
  year =	 2015,
  pages =	 {13-25},
  doi =		 {10.1109/HPCA.2015.7056018},
  ISSN =	 {1530-0897},
  month =	 feb,
  publisher =	 IEEE,
  address =	 IEEE_ADDRESS,
}

@misc{ms18perf,
  title =	 {Understanding the performance impact of Spectre and Meltdown
                  mitigations on Windows Systems},
  author =	 {Myerson, Terry},
  year =	 2018,
  publisher =	 {Microsoft Secure},
  note =
                  {\url{https://cloudblogs.microsoft.com/microsoftsecure/2018/01/09/understanding-the-performance-impact-of-spectre-and-meltdown-mitigations-on-windows-systems/}},
  lastvisited =	 {2018-12-07},
}

@misc{phoronix18kaiser,
  title =	 {Initial Benchmarks Of The Performance Impact Resulting From
                  Linux's x86 Security Changes},
  author =	 {Larabel, Michael},
  year =	 2018,
  publisher =	 {Phoronix},
  note =
                  {\url{https://www.phoronix.com/scan.php?page=article&item=linux-415-x86pti&num=2}},
  lastvisited =	 {2018-12-07},
}

@misc{schwarz2018netspectre,
  title =	 {Netspectre: Read arbitrary memory over network},
  author =	 {Schwarz, Michael and Schwarzl, Martin and Lipp, Moritz and
                  Gruss, Daniel},
  eprinttype =	 {arxiv},
  eprint =	 {1807.10535},
  year =	 2018,
}

@inproceedings{liu15llc,
  author =	 {Fangfei Liu and Yuval Yarom and Qian Ge and Gernot Heiser and
                  Ruby B. Lee},
  booktitle =	 SP,
  title =	 {Last-Level Cache Side-Channel Attacks are Practical},
  year =	 2015,
  pages =	 {605-622},
  doi =		 {10.1109/SP.2015.43},
  ISSN =	 {1081-6011},
  month =	 may,
  publisher =	 IEEE,
  address =	 IEEE_ADDRESS,
}

@inproceedings{martin01vp,
  author =	 {Martin, Milo M. K. and Sorin, Daniel J. and Cain, Harold
                  W. and Hill, Mark D. and Lipasti, Mikko H.},
  title =	 {Correctly Implementing Value Prediction in Microprocessors
                  That Support Multithreading or Multiprocessing},
  booktitle =	 MICRO,
  year =	 2001,
  isbn =	 {0-7695-1369-7},
  pages =	 {328--337},
  url =		 {http://dl.acm.org/citation.cfm?id=563998.564039},
  doi =		 {10.1109/SP.2015.43},
  publisher =	 IEEE,
  address =	 IEEE_ADDRESS,
}

@article{orosa18avpp,
  author =	 {Orosa, Lois and Azevedo, Rodolfo and Mutlu, Onur},
  title =	 {{AVPP}: Address-first Value-next Predictor with Value
                  Prefetching for Improving the Efficiency of Load Value
                  Prediction},
  journal =	 TACO,
  issue_date =	 {December 2018},
  volume =	 15,
  number =	 4,
  month =	 dec,
  year =	 2018,
  issn =	 {1544-3566},
  pages =	 {49:1--49:30},
  url =		 {http://doi.acm.org/10.1145/3239567},
  doi =		 {10.1145/3239567},
  publisher =	 ACM,
  address =	 ACM_ADDRESS,
}

@MISC{CVE-2017-5753,
  title =	 {{CVE}-2017-5753.},
  howpublished = "Available from MITRE, {CVE-ID} {CVE}-2017-5753.",
  month =	 feb # "~1",
  year =	 2017,
  url =		 {http://cve.mitre.org/cgi-bin/cvename.cgi?name=CVE-2017-5753},
  urldate =	 {18 March 2019},
  author =	 {National Vulnerability Database},
}

@MISC{CVE-2018-3693,
  title =	 {{CVE}-2018-3693.},
  howpublished = "Available from MITRE, {CVE-ID} {CVE}-2018-3693.",
  month =	 dec # "~28",
  year =	 2017,
  url =		 {http://cve.mitre.org/cgi-bin/cvename.cgi?name=CVE-2018-3693},
  urldate =	 {18 March 2019},
  author =	 {National Vulnerability Database},
}


@inproceedings{skarlatos2019microscope,
  title =	 {MicroScope: enabling microarchitectural replay attacks},
  author =	 {Skarlatos, Dimitrios and Yan, Mengjia and Gopireddy, Bhargava
                  and Sprabery, Read and Torrellas, Josep and Fletcher,
                  Christopher W},
  booktitle =	 ISCA,
  pages =	 {318--331},
  year =	 2019,
  organization = ACM,
  address =	 ACM_ADDRESS,
}

@inproceedings{sakalis+:CF2019ghost,
  title =	 {Ghost loads: what is the cost of invisible speculation?},
  author =	 {Sakalis, Christos and Alipour, Mehdi and Ros, Alberto and
                  Jimborean, Alexandra and Kaxiras, Stefanos and Sj{\"a}lander,
                  Magnus},
  booktitle =	 CF,
  pages =	 {153--163},
  year =	 2019,
  organization = ACM,
  address =	 ACM_ADDRESS,
}

@inproceedings{sakalis+:ISCA2019vp,
  title =	 {Efficient Invisible Speculative Execution Through Selective
                  Delay and Value Prediction},
  author =	 {Sakalis, Christos and Kaxiras, Stefanos and Ros, Alberto and
                  Jimborean, Alexandra and Sj{\"a}lander, Magnus},
  booktitle =	 ISCA,
  pages =	 {723--735},
  year =	 2019,
  organization = ACM,
  address =	 ACM_ADDRESS,
}

@inproceedings{weisse2019nda,
  title =	 {{NDA}: Preventing Speculative Execution Attacks at Their Source},
  author =	 {Weisse, Ofir and Neal, Ian and Loughlin, Kevin and Wenisch,
                  Thomas F and Kasikci, Baris},
  booktitle =	 MICRO,
  pages =	 {572--586},
  year =	 2019,
  organization = ACM,
  address =	 ACM_ADDRESS,
}

@inproceedings{saileshwar2019cleanupspec,
  title =	 {CleanupSpec: An Undo Approach to Safe Speculation},
  author =	 {Saileshwar, Gururaj and Qureshi, Moinuddin K},
  booktitle =	 MICRO,
  pages =	 {73--86},
  year =	 2019,
  organization = ACM,
  address =	 ACM_ADDRESS,
}

@article{mcilroy2019spectre,
  title =	 {Spectre is here to stay: An analysis of side-channels and
                  speculative execution},
  author =	 {Mcilroy, Ross and Sevcik, Jaroslav and Tebbi, Tobias and
                  Titzer, Ben L and Verwaest, Toon},
  journal =	 {arXiv preprint arXiv:1902.05178},
  year =	 2019
}

@inproceedings{cock2014last,
  title =	 {The last mile: An empirical study of timing channels on seL4},
  author =	 {Cock, David and Ge, Qian and Murray, Toby and Heiser, Gernot},
  booktitle =	 CCS,
  pages =	 {570--581},
  year =	 2014,
  organization = ACM,
  address =	 ACM_ADDRESS,
}

@book{brooks2000wattch,
  title =	 {Wattch: A framework for architectural-level power analysis and
                  optimizations},
  author =	 {Brooks, David and Tiwari, Vivek and Martonosi, Margaret},
  volume =	 28,
  number =	 2,
  year =	 2000,
  publisher =	 ACM,
  address =	 ACM_ADDRESS,
}

@article{zhang2003hotleakage,
  title =	 {Hotleakage: A temperature-aware model of subthreshold and gate
                  leakage for architects},
  author =	 {Zhang, Yan and Parikh, Dharmesh and Sankaranarayanan, Karthik
                  and Skadron, Kevin and Stan, Mircea},
  journal =	 {University of Virginia Dept of Computer Science Tech Report
                  CS-2003},
  volume =	 5,
  year =	 2003
}

@article{huang2006hotspot,
  title =	 {HotSpot: A compact thermal modeling methodology for
                  early-stage VLSI design},
  author =	 {Huang, Wei and Ghosh, Shougata and Velusamy, Sivakumar and
                  Sankaranarayanan, Karthik and Skadron, Kevin and Stan, Mircea
                  R},
  journal =	 TVLSI,
  volume =	 14,
  number =	 5,
  pages =	 {501--513},
  year =	 2006,
  publisher =	 IEEE,
  address =	 IEEE_ADDRESS,  
}

@techreport{tarjan2006cacti,
  title =	 {CACTI 4.0},
  author =	 {Tarjan, David and Thoziyoor, Shyamkumar and Jouppi, Norman P},
  year =	 2006,
  institution =	 {Technical Report HPL-2006-86, HP Laboratories Palo Alto}
}

@inproceedings{agrawal2002side,
  title =	 {The EM side—channel (s)},
  author =	 {Agrawal, Dakshi and Archambeault, Bruce and Rao, Josyula R and
                  Rohatgi, Pankaj},
  booktitle =	 CHES,
  pages =	 {29--45},
  year =	 2002,
  organization = {Springer}
}

@inproceedings{kocher1999differential,
  title =	 {Differential power analysis},
  author =	 {Kocher, Paul and Jaffe, Joshua and Jun, Benjamin},
  booktitle =	 {Annual International Cryptology Conference},
  pages =	 {388--397},
  year =	 1999,
  organization = {Springer}
}

@inproceedings{genkin2014rsa,
  title =	 {RSA key extraction via low-bandwidth acoustic cryptanalysis},
  author =	 {Genkin, Daniel and Shamir, Adi and Tromer, Eran},
  booktitle =	 {Annual Cryptology Conference},
  pages =	 {444--461},
  year =	 2014,
  organization = {Springer}
}

@article{ferrigno2008aes,
  title =	 {When {AES} blinks: introducing optical side channel},
  author =	 {Ferrigno, Julie and Hlav{\'a}{\v{c}}, M},
  journal =	 {IET Information Security},
  volume =	 2,
  number =	 3,
  pages =	 {94--98},
  year =	 2008,
  publisher =	 {IET}
}

@inproceedings{carmon2017photonic,
  title =	 {Photonic side channel attacks against RSA},
  author =	 {Carmon, Elad and Seifert, Jean-Pierre and Wool, Avishai},
  booktitle =	 HOST,
  pages =	 {74--78},
  year =	 2017,
  organization = IEEE,
  address =	 IEEE_ADDRESS,
}

@article{gonzalez1996energy,
  title =	 {Energy dissipation in general purpose microprocessors},
  author =	 {Gonzalez, Ricardo and Horowitz, Mark},
  journal =	 JSSC,
  volume =	 31,
  number =	 9,
  pages =	 {1277--1284},
  year =	 1996,
  publisher =	 IEEE,
  address =	 IEEE_ADDRESS,
}

@misc{bernstein2005cache,
  title =	 {Cache-timing attacks on {AES}},
  author =	 {Bernstein, Daniel J},
  year =	 2005,
  publisher =	 {Citeseer}
}

@inproceedings{pessl2016drama,
  title =	 {{DRAMA}: Exploiting {DRAM} Addressing for
                  Cross-{CPU} Attacks},
  author =	 {Pessl, Peter and Gruss, Daniel and Maurice, Cl{\'e}mentine and
                  Schwarz, Michael and Mangard, Stefan},
  booktitle =	 SECURITY,
  pages =	 {565--581},
  year =	 2016
}

@article{ge2018survey,
  title =	 {A survey of microarchitectural timing attacks and
                  countermeasures on contemporary hardware},
  author =	 {Ge, Qian and Yarom, Yuval and Cock, David and Heiser, Gernot},
  journal =	 JCE,
  volume =	 8,
  number =	 1,
  pages =	 {1--27},
  year =	 2018,
  publisher =	 SPRINGER,
}

@article{doychev2015cacheaudit,
  title =	 {Cacheaudit: A tool for the static analysis of cache side
                  channels},
  author =	 {Doychev, Goran and K{\"o}pf, Boris and Mauborgne, Laurent and
                  Reineke, Jan},
  journal =	 TISSEC,
  volume =	 18,
  number =	 1,
  pages =	 4,
  year =	 2015,
  publisher =	 ACM,
  address =	 ACM_ADDRESS,
}

@misc{msr-blog,
  title =	 {Mitigating speculative execution side channel hardware
                  vulnerabilities},
  author =	 {Miller, Matt},
  note =
                  {\url{https://msrc-blog.microsoft.com/2018/03/15/mitigating-speculative-execution-side-channel-hardware-vulnerabilities/}},
}

@inproceedings{bachrach2012chisel,
  title =	 {Chisel: constructing hardware in a scala embedded language},
  author =	 {Bachrach, Jonathan and Vo, Huy and Richards, Brian and Lee,
                  Yunsup and Waterman, Andrew and Avi{\v{z}}ienis, Rimas and
                  Wawrzynek, John and Asanovi{\'c}, Krste},
  booktitle =	 DAC,
  pages =	 {1212--1221},
  year =	 2012,
  organization = IEEE,
  address =	 IEEE_ADDRESS,  
}

@inproceedings{ros2018superfluous,
  title =	 {The Superfluous Load Queue},
  author =	 {Ros, Alberto and Kaxiras, Stefanos},
  booktitle =	 MICRO,
  pages =	 {95--107},
  year =	 2018,
  organization = IEEE,
  address =	 IEEE_ADDRESS,
}

@article{kaxiras2018non,
  title =	 {Non-speculative load reordering in total store ordering},
  author =	 {Kaxiras, Stefanos and Carlson, Trevor E and Alipour, Mehdi and
                  Ros, Alberto},
  journal =	 IEEEMICRO,
  volume =	 38,
  number =	 3,
  pages =	 {48--57},
  year =	 2018,
  publisher =	 IEEE,
  address =	 IEEE_ADDRESS,
}

@article{alves2018investigating,
  title =	 {Investigating the Use of the Store-Buffer as a Filter-Cache},
  author =	 {Alves, Ricardo and Ros, Alberto and Kaxiras, Stefanos and
                  Black-Schaffer, David},
  year =	 2018
}

@article{tran2017static,
  title =	 {Static Instruction Scheduling for High Performance on Limited
                  Hardware},
  author =	 {Tran, Kim-Anh and Carlson, Trevor E and Koukos, Konstantinos
                  and Sj{\"a}lander, Magnus and Spiliopoulos, Vasileios and
                  Kaxiras, Stefanos and Jimborean, Alexandra},
  journal =	 TC,
  volume =	 67,
  number =	 4,
  pages =	 {513--527},
  year =	 2017,
  publisher =	 IEEE,
  address =	 IEEE_ADDRESS,
}

@inproceedings{alipour2017exploring,
  title =	 {Exploring the performance limits of out-of-order commit},
  author =	 {Alipour, Mehdi and Carlson, Trevor E and Kaxiras, Stefanos},
  booktitle =	 CF,
  pages =	 {211--220},
  year =	 2017,
  organization = ACM,
  address =	 ACM_ADDRESS,
}

@inproceedings{alipour2017taxonomy,
  title =	 {A taxonomy of out-of-order instruction commit},
  author =	 {Alipour, Mehdi and Carlson, Trevor E and Kaxiras, Stefanos},
  booktitle =	 ISPASS,
  pages =	 {135--136},
  year =	 2017,
  organization = IEEE,
  address =	 IEEE_ADDRESS,
}

@inproceedings{tran2017clairvoyance,
  title =	 {Clairvoyance: Look-ahead compile-time scheduling},
  author =	 {Tran, Kim-Anh and Carlson, Trevor E and Koukos, Konstantinos
                  and Sj{\"a}lander, Magnus and Spiliopoulos, Vasileios and
                  Kaxiras, Stefanos and Jimborean, Alexandra},
  booktitle =	 CGO,
  pages =	 {171--184},
  year =	 2017,
  organization = IEEE,
  address =	 IEEE_ADDRESS,
}

@article{sjalander2014power,
  title =	 {Power-efficient computer architectures: Recent advances},
  author =	 {Sj{\"a}lander, Magnus and Martonosi, Margaret and Kaxiras,
                  Stefanos},
  journal =	 SLCA,
  volume =	 9,
  number =	 3,
  pages =	 {1--96},
  year =	 2014,
  publisher =	 MC,
}

@inproceedings{ren2019analysis,
  title =	 {An analysis of performance evolution of Linux's core
                  operations},
  author =	 {Ren, Xiang Jenny and Rodrigues, Kirk and Chen, Luyuan and
                  Vega, Camilo and Stumm, Michael and Yuan, Ding},
  booktitle =	 SOSP,
  pages =	 {554--569},
  year =	 2019,
  organization = ACM,
  address =	 ACM_ADDRESS,
}

@inproceedings{amnesiac17,
  author =	 {Akturk, Ismail and Karpuzcu, Ulya R.},
  title =	 {{AMNESIAC: Amnesic Automatic Computer - Trading Computation
                  for Communication for Energy Efficiency}},
  booktitle =	 ASPLOS,
  year =	 2017,
}

@inproceedings{yu_speculative:MICRO2019-STT,
  author =	 {Yu, Jiyong and Yan, Mengjia and Khyzha, Artem and Morrison,
                  Adam and Torrellas, Josep and Fletcher, Christopher W.},
  title =	 {Speculative {Taint} {Tracking} ({STT}): {A} {Comprehensive}
                  {Protection} for {Speculatively} {Accessed} {Data}},
  isbn =	 {978-1-4503-6938-1},
  url =		 {http://doi.acm.org/10.1145/3352460.3358274},
  doi =		 {10.1145/3352460.3358274},
  booktitle =	 MICRO,
  publisher =	 ACM,
  year =	 2019,
  pages =	 {954--968},
  address =	 ACM_ADDRESS,
}

@inproceedings{fustos+:DAC2019spectreguard,
  address =	 {Las Vegas, NV, USA},
  title =	 {{SpectreGuard}: {An} {Efficient} {Data}-centric {Defense}
                  {Mechanism} against {Spectre} {Attacks}},
  isbn =	 {978-1-4503-6725-7},
  url =		 {http://dl.acm.org/citation.cfm?doid=3316781.3317914},
  doi =		 {10.1145/3316781.3317914},
  booktitle =	 DAC,
  publisher =	 ACM,
  address =	 ACM_ADDRESS,
  author =	 {Fustos, Jacob and Farshchi, Farzad and Yun, Heechul},
  year =	 2019,
  pages =	 {1--6},
}

@article{Horow,
author = {Horowitz, Mark},
title = {{Computing's Energy Problem (and what we can do about it)}},
journal={Keynote at International Conference on Solid State Circuits},
year = {2014},
opturl = { http://isscc.org/media/2014/plenary/Mark_Horowitz/NewStandardPlayer.html?plugin=HTML5&mimetype=video%2Fmp4},
month={April},
}

@article{Kogge,
  title={Exascale computing study: Technology challenges in achieving exascale systems},
  author={Bergman, Keren and Borkar, Shekhar and Campbell, Dan and Carlson, William and Dally, William and Denneau, Monty and Franzon, Paul and Harrod, William and Hill, Kerry and Hiller, Jon and Karp, Sherman and Keckler, Stephen and Klein, Dean and Lucas, Robert and Richards, Mark and Scarpelli, Al and Scott, Steven and Snavely, Allan and Sterling, Thomas and Williams, R. Stanley and Yelick, Katherine},
  journal={Defense Advanced Research Projects Agency Information Processing Techniques Office, Tech. Rep.},
  volume={15},
  year={2008}
}

@ARTICLE{taxonomy18,
author={I. Akturk and U. R. Karpuzcu},
journal={IEEE Transactions on Emerging Topics in Computing},
title={Trading Computation for Communication: A Taxonomy of Data Recomputation Techniques},
year={2018},
volume={},
number={},
doi={10.1109/TETC.2018.2883286},
ISSN={2168-6750},
month={}
}

@article{backwardslice,
 author = {Weiser, Mark},
 title = {Program Slicing},
 journal = {IEEE Transactions on Software Engineering},
 volume = {10},
 number = {4},
 month = jul,
 year = {1984},
 issn = {0098-5589},
 pages = {352--357},
 numpages = {6},
 doi = {10.1109/TSE.1984.5010248}
 } 
 
@inproceedings{pin,
 author = {Luk, Chi-Keung and Cohn, Robert and Muth, Robert and Patil, Harish and Klauser, Artur and Lowney, Geoff and Wallace, Steven and Reddi, Vijay Janapa and Hazelwood, Kim},
 title = {{Pin: Building Customized Program Analysis Tools with Dynamic Instrumentation}},
 booktitle = pldi,
 year = {2005},
}

@inproceedings{idem,
  author={Marc de Kruijf and Karthikeyan Sankaralingam},
  title={{Idempotent Processor Architecture}},
  booktitle="{International Symposium on Microarchitecture (MICRO)}",
  year={2011},
  month = {December}
}
@inproceedings{Kandemir:2005gw,
author = {Kandemir, M and Li, Feihul and Chen, Guilin and Chen, Guangyu and Ozturk, O},
title = {{Studying Storage-Recomputation Tradeoffs in Memory-Constrained
  Embedded Processing}},
booktitle = {Design, Automation and Test in Europe (DATE)},
year = {2005},
optoptpages = {1026--1031},
}

@inproceedings{Koc:2006ce,
author = {Koc, H and Ozturk, O and Kandemir, M and Ercanli, E},
title = {{Minimizing Energy Consumption of Banked Memories Using Data Recomputation}},
booktitle = {International Symposium on Low Power Electronics and Design (ISLPED)},
year = {2006},
optoptpages = {358--361}
}


@inproceedings{Koc:2007bl,
author = {Koc, H and Kandemir, M and Ercanli, E and Ozturk, O},
title = {{Reducing Off-Chip Memory Access Costs Using Data Recomputation in Embedded Chip Multi-processors}},
booktitle = {Design Automation Conference (DAC)},
optmonth = {June},
year = {2007},
optoptpages = {224--229},
}

@inproceedings{Sodani:1997hn,
author = {Sodani, A and Sohi, G S},
title = {{Dynamic Instruction Reuse}},
booktitle = {International Symposium on Computer Architecture (ISCA)},
year = {1997},
optoptpages = {194--205}
}

@inproceedings{resistiveComp,
author = {Guo, Xiaochen and Ipek, Engin and Soyata, Tolga},
title = {{Resistive Computation: Avoiding the Power Wall with Low-leakage,
  STT-MRAM Based Computing}},
booktitle = {International Symposium on Computer Architecture (ISCA)},
year = {2010},
optmonth = {June}
}

@inproceedings{Elnawawy2017,
 	author={H. Elnawawy and M. Alshboul and J. Tuck and Y. Solihin},
 	booktitle=pact,
 	title={Efficient Checkpointing of Loop-Based Codes for Non-volatile Main Memory},
 	year={2017},
 	volume={},
 	number={},
 	optpages={318-329},
 	month={Sept},
}

@Comment  LocalWords:  yan_invispec:MICRO2018 Mengjia Jiho Skarlatos Zhaoxiang
@Comment  LocalWords:  booktitle liu_random_2014 ki LCTES2018_dagda lipasti Ahn
@Comment  LocalWords:  gruss_cache_2015 Gruss Nael mehdi_ooo OPTaddress ceze
@Comment  LocalWords:  Spreitzer Mangard Spectre Ohrimenko Dataflow Renau Andr
@Comment  LocalWords:  khasawneh_safespec:arxiv2018 Lettner Perais Seznec Sheng
@Comment  LocalWords:  Khasawneh Koruyeh Esmaeil Sandhya perais:HPCA2014_vtage
@Comment  LocalWords:  Mohammadian Chengyu arxiv Dwarkadas Moinuddin Jouppi Hao
@Comment  LocalWords:  Evtyushkin Abu-Ghazaleh Lipp Criswell li_mcpat:MICRO2009
@Comment  LocalWords:  eprinttype eprint Irazoqui Zhuojia Manycore Binkert Dijk
@Comment  LocalWords:  irazoqui_cross_2016 Gorka Xiaowan Saidi Arkaprava Hower
@Comment  LocalWords:  Eisenbarth Sunar Newcache Spectres Tushar Sardashti Sai
@Comment  LocalWords:  liu_newcache:_2016 Gullasch Amarasinghe Somayeh Rathijit
@Comment  LocalWords:  gullasch_cache_2011 Krenn Kiriansky Shoaib Vaish Nilay
@Comment  LocalWords:  Bangerter keramidas_non_2008 Maisuradze howpublished
@Comment  LocalWords:  Keramidas Antonopoulos Yarom Guoxing Martonosi OPTurl
@Comment  LocalWords:  Serpanos Kaxiras Prescher Venkataramani Xiangyao Hongyua
@Comment  LocalWords:  lipp_meltdown_2018 Kocher SgxPectre Non-monopolizable
@Comment  LocalWords:  Genkin Falkner Fangfei Aamer Doroslova pessl_drama:_2016
@Comment  LocalWords:  liu_security_2013 Zhenghong Dayapule Zenghong Bonneau
@Comment  LocalWords:  domnitser_non-monopolizable_2012 binkert_gem5:CANEWS2011
@Comment  LocalWords:  Loew maurice_hello_2017 omer Haining bonneau_aes06 Hsieh
@Comment  LocalWords:  ementine Boano Xiaotong Onur Zhenyu corbet2017kaiser
@Comment  LocalWords:  zhuang_hardware_2004 Santosh Simha Corbet lastvisited
@Comment  LocalWords:  Hsien-Hsin zhuang_hide:_2004 Osvik turner2018retpoline
@Comment  LocalWords:  coppens_practical_2009 Emer Verbauwhede Retpoline Pardoe
@Comment  LocalWords:  duc_cryptopage:_2006 Keryell Bosschere pardoe2018spectre
@Comment  LocalWords:  fletchery_suppressing_2014 Rafail OPTpublisher xmem18
@Comment  LocalWords:  goldreich_software_1996 Goldreich Nandita Vijaykumar
@Comment  LocalWords:  fuchs_disruptive_2015 Aciicmez qureshi:MICRO2018_ceaser
@Comment  LocalWords:  zhang_duppel:_2013 Yinqian Devadas Abilasha Diptesh
@Comment  LocalWords:  pessl_drama:_201 Huiyang Jingfei Majumdar Keving Gennady
@Comment  LocalWords:  martin_timewarp:_2012 Rossow Fletchery Pekhimenko Eiman
@Comment  LocalWords:  chen_sgxpectre_2018 Sethumadhavan Ebrahimi Nastaran
@Comment  LocalWords:  evtyushkin_branchscope:_2018 Speculose Hajinazar Mutlu
@Comment  LocalWords:  maisuradze_speculose:_2018 Akella aros-isca17 kbits
@Comment  LocalWords:  lowe-power_position_2018 Farrens vpsec18 Cammarota VPsec
@Comment  LocalWords:  dong_spectres_2018 Venkatesh Sanchuan eole14 Ilhyun
@Comment  LocalWords:  bernstein_cache-timing_2005 Torrellas lipasti04sched
@Comment  LocalWords:  osvik_cache_2006 InvisiSpec Adi yan_invisispec:MICRO2018
@Comment  LocalWords:  Tromer kim_stealthmem:_2012 doi vpreplay99 Storageless
@Comment  LocalWords:  Taesoo Peinado Mainar-Ruiz Domnitser Myerson Larabel
@Comment  LocalWords:  ASPLOS1996_valueprediction Phoronix
@Comment  LocalWords:  trippel_meltdownprime:arxive2018 Sorin
@Comment  LocalWords:  phoronix18kaiser schwarz2018netspectre
@Comment  LocalWords:  Netspectre Schwarzl liu15llc Gernot
@Comment  LocalWords:  orosa18avpp Orosa Azevedo articleno
@Comment  LocalWords:  Defence urldate
